<?xml version="1.0" encoding="UTF-8"?><collection xmlns="http://www.loc.gov/MARC21/slim"><record><leader>00451nam--2200169-i-4500</leader><controlfield tag="001">000015788</controlfield><controlfield tag="002">20161230</controlfield><controlfield tag="005">20170208131235</controlfield><controlfield tag="008">060222s1000------------r-----000-0-eng-d</controlfield><datafield ind1=" " ind2=" " tag="080"><subfield code="a">061.62(540):621.039:001.891</subfield></datafield><datafield ind1=" " ind2=" " tag="245"><subfield code="a">Activity report of reactor physics section 1985</subfield></datafield><datafield ind1=" " ind2=" " tag="260"><subfield code="a">Kalpakkam</subfield><subfield code="b">Centre For Atomic Research</subfield><subfield code="c">1986</subfield></datafield><datafield ind1=" " ind2=" " tag="300"><subfield code="a">83 p</subfield></datafield><datafield ind1=" " ind2=" " tag="490"><subfield code="a">Igcar</subfield><subfield code="v">81</subfield></datafield><datafield ind1=" " ind2=" " tag="700"><subfield code="a">John, T. M</subfield></datafield><datafield ind1=" " ind2=" " tag="852"><subfield code="a">73710</subfield></datafield><datafield ind1=" " ind2=" " tag="CAT"><subfield code="a">SYS</subfield><subfield code="c">20170208</subfield><subfield code="h">131235</subfield></datafield></record></collection>